[gd_scene load_steps=22 format=2]

[ext_resource path="res://assets/ships/ShipPlaceholder.gltf" type="PackedScene" id=1]

[sub_resource type="VisualShaderNodeInput" id=5]
input_name = "time"

[sub_resource type="VisualShaderNodeInput" id=6]
input_name = "screen_uv"

[sub_resource type="VisualShaderNodeScalarOp" id=7]

[sub_resource type="Curve" id=8]
_data = [ Vector2( 0, 0 ), 0.0, 0.0, 0, 0, Vector2( 0.0976948, 0 ), 0.0, 0.0, 0, 0, Vector2( 0.1, 1 ), 0.0, 0.0, 0, 0, Vector2( 0.103183, 0 ), 0.0, 0.0, 0, 0, Vector2( 0.2, 0 ), 0.0, 0.0, 0, 0, Vector2( 0.298573, 0 ), 0.0, 0.0, 0, 0, Vector2( 0.3, 1 ), 0.0, 0.0, 0, 0, Vector2( 0.307355, 0 ), 0.0, 0.0, 0, 0, Vector2( 0.4, 0 ), 0.0, 0.0, 0, 0, Vector2( 0.498353, 0 ), 0.0, 0.0, 0, 0, Vector2( 0.5, 1 ), 0.0, 0.0, 0, 0, Vector2( 0.502744, 0 ), 0.0, 0.0, 0, 0, Vector2( 0.6, 0 ), 0.0, 0.0, 0, 0, Vector2( 0.697036, 0 ), 0.0, 0.0, 0, 0, Vector2( 0.7, 1 ), 0.0, 0.0, 0, 0, Vector2( 0.702525, 0 ), 0.0, 0.0, 0, 0, Vector2( 0.8, 0 ), 0.0, 0.0, 0, 0, Vector2( 0.899012, 0 ), 0.0, 0.0, 0, 0, Vector2( 0.9, 1 ), 0.0, 0.0, 0, 0, Vector2( 0.903403, 0 ), 0.0, 0.0, 0, 0, Vector2( 1, 0 ), 0.0, 0.0, 0, 0 ]

[sub_resource type="CurveTexture" id=9]
curve = SubResource( 8 )

[sub_resource type="VisualShaderNodeTexture" id=10]
output_port_for_preview = 0
texture = SubResource( 9 )

[sub_resource type="VisualShaderNodeScalarOp" id=11]
default_input_values = [ 0, 0.0, 1, 2.0 ]
operator = 3

[sub_resource type="VisualShaderNodeScalarOp" id=19]
default_input_values = [ 0, 0.0, 1, 1.0 ]

[sub_resource type="VisualShaderNodeScalarOp" id=20]
default_input_values = [ 0, 0.0, 1, 2.0 ]
operator = 3

[sub_resource type="VisualShaderNodeScalarOp" id=21]

[sub_resource type="VisualShaderNodeColorConstant" id=1]
constant = Color( 0.137255, 0.992157, 0.929412, 1 )

[sub_resource type="VisualShaderNodeScalarOp" id=22]
default_input_values = [ 0, 0.0, 1, 2.0 ]
operator = 2

[sub_resource type="VisualShaderNodeFresnel" id=3]
default_input_values = [ 2, true, 3, 5.0 ]

[sub_resource type="VisualShaderNodeFresnel" id=13]
default_input_values = [ 2, false, 3, 5.0 ]

[sub_resource type="VisualShaderNodeScalarOp" id=14]

[sub_resource type="VisualShaderNodeScalarOp" id=15]

[sub_resource type="VisualShaderNodeFresnel" id=16]
default_input_values = [ 2, false, 3, 2.0 ]

[sub_resource type="VisualShaderNodeScalarFunc" id=17]
function = 0

[sub_resource type="VisualShader" id=4]
code = "shader_type spatial;
render_mode specular_schlick_ggx;

uniform sampler2D tex_frg_15;



void vertex() {
// Output:0

}

void fragment() {
// Color:2
	vec3 n_out2p0 = vec3(0.137255, 0.992157, 0.929412);
	float n_out2p1 = 1.000000;

// Fresnel:4
	float n_in4p3 = 5.00000;
	float n_out4p0 = pow(clamp(dot(NORMAL, VIEW), 0.0, 1.0), n_in4p3);

// Fresnel:5
	float n_in5p3 = 5.00000;
	float n_out5p0 = pow(1.0 - clamp(dot(NORMAL, VIEW), 0.0, 1.0), n_in5p3);

// Fresnel:8
	float n_in8p3 = 2.00000;
	float n_out8p0 = pow(1.0 - clamp(dot(NORMAL, VIEW), 0.0, 1.0), n_in8p3);

// ScalarOp:7
	float n_out7p0 = n_out5p0 + n_out8p0;

// ScalarOp:6
	float n_out6p0 = n_out4p0 + n_out7p0;

// Input:11
	vec3 n_out11p0 = vec3(SCREEN_UV, 0.0);

// Input:10
	float n_out10p0 = TIME;

// ScalarOp:16
	float n_in16p1 = 2.00000;
	float n_out16p0 = n_out10p0 / n_in16p1;

// ScalarOp:12
	float n_out12p0 = dot(n_out11p0, vec3(0.333333, 0.333333, 0.333333)) + n_out16p0;

// ScalarFunc:9
	float n_out9p0 = sin(n_out12p0);

// ScalarOp:17
	float n_in17p1 = 1.00000;
	float n_out17p0 = n_out9p0 + n_in17p1;

// ScalarOp:18
	float n_in18p1 = 2.00000;
	float n_out18p0 = n_out17p0 / n_in18p1;

// Texture:15
	vec4 tex_frg_15_read = texture(tex_frg_15, vec3(n_out18p0).xy);
	vec3 n_out15p0 = tex_frg_15_read.rgb;
	float n_out15p1 = tex_frg_15_read.a;

// ScalarOp:20
	float n_in20p1 = 2.00000;
	float n_out20p0 = dot(n_out15p0, vec3(0.333333, 0.333333, 0.333333)) * n_in20p1;

// ScalarOp:19
	float n_out19p0 = n_out6p0 + n_out20p0;

// Output:0
	ALBEDO = n_out2p0;
	ALPHA = n_out19p0;
	EMISSION = n_out2p0;

}

void light() {
// Output:0

}
"
graph_offset = Vector2( -338.724, 281.82 )
nodes/fragment/0/position = Vector2( 760, 80 )
nodes/fragment/2/node = SubResource( 1 )
nodes/fragment/2/position = Vector2( -380, 140 )
nodes/fragment/4/node = SubResource( 3 )
nodes/fragment/4/position = Vector2( -780, 320 )
nodes/fragment/5/node = SubResource( 13 )
nodes/fragment/5/position = Vector2( -780, 460 )
nodes/fragment/6/node = SubResource( 14 )
nodes/fragment/6/position = Vector2( -360, 320 )
nodes/fragment/7/node = SubResource( 15 )
nodes/fragment/7/position = Vector2( -520, 460 )
nodes/fragment/8/node = SubResource( 16 )
nodes/fragment/8/position = Vector2( -780, 600 )
nodes/fragment/9/node = SubResource( 17 )
nodes/fragment/9/position = Vector2( -100, 700 )
nodes/fragment/10/node = SubResource( 5 )
nodes/fragment/10/position = Vector2( -700, 820 )
nodes/fragment/11/node = SubResource( 6 )
nodes/fragment/11/position = Vector2( -500, 640 )
nodes/fragment/12/node = SubResource( 7 )
nodes/fragment/12/position = Vector2( -280, 680 )
nodes/fragment/15/node = SubResource( 10 )
nodes/fragment/15/position = Vector2( 200, 320 )
nodes/fragment/16/node = SubResource( 11 )
nodes/fragment/16/position = Vector2( -480, 740 )
nodes/fragment/17/node = SubResource( 19 )
nodes/fragment/17/position = Vector2( -200, 500 )
nodes/fragment/18/node = SubResource( 20 )
nodes/fragment/18/position = Vector2( -24.724, 457.57 )
nodes/fragment/19/node = SubResource( 21 )
nodes/fragment/19/position = Vector2( 500, 200 )
nodes/fragment/20/node = SubResource( 22 )
nodes/fragment/20/position = Vector2( 400, 400 )
nodes/fragment/connections = PoolIntArray( 4, 0, 6, 0, 8, 0, 7, 1, 5, 0, 7, 0, 2, 0, 0, 5, 2, 0, 0, 0, 7, 0, 6, 1, 11, 0, 12, 0, 12, 0, 9, 0, 10, 0, 16, 0, 9, 0, 17, 0, 17, 0, 18, 0, 18, 0, 15, 0, 6, 0, 19, 0, 19, 0, 0, 1, 15, 0, 20, 0, 20, 0, 19, 1, 16, 0, 12, 1 )

[sub_resource type="ShaderMaterial" id=18]
shader = SubResource( 4 )

[node name="ShipPlaceholder" instance=ExtResource( 1 )]

[node name="ShipPlacehoder" parent="." index="0"]
material/0 = SubResource( 18 )
